@BOOK{BOOK:1,
    AUTHOR="Moises Bario Andres",
    TITLE="Internet de la Cosas",
    PUBLISHER="REUS Editorial",
    YEAR="2018",
}

@BOOK{BOOK:2,
    AUTHOR="Jennifer Celleri P., Javier Andrade G., Santiago Rodriguez Y.",
    TITLE="Cloud Computing para Pymes",
    PUBLISHER="Editorial Utmach",
    YEAR="2017",
}

@BOOK{BOOK:3,
    AUTHOR="OSINERG",
    TITLE="Guía Para Calcuar El Consumo Eléctrico Domestico",
    PUBLISHER="Gerencia General OSINERG",
    YEAR="2017",
}

@ARTICLE{ARTICLE:1,
    AUTHOR="I. Abubakar, S. N. Khalid, M. W. Mufasa, Hussain Shareef, M. Mustapha",
    TITLE="Calibration Of ZMPT101B Voltage Sensor Module Using Polynomial Regression For Accurate Load Monitoring",
    JOURNAL="ARPN Journal Of Engineering and Applied Sciences",
    YEAR="2017",
}


@MISC{WEBSITE:1,
	HOWPUBLISHED = "\url{https://convoca.pe/convoca-a-tu-servicio/convoca-tu-servicio-guia-para-reclamar-por-altos-cobros-en-los-recibos-de}",
	AUTHOR = "Elena Miranda",
	TITLE = "Guía para reclamar por altos cobros en los recibos de electricidad",
	MONTH = "10",
	YEAR = "2020",
	URLDATE = {2021-11-16}
}
@MISC{WEBSITE:2,
	HOWPUBLISHED = "\url{https://larepublica.pe/economia/2020/07/24/osinergmin-recibos-de-luz-no-sustentados-en-lecturas-de-medidores-seran-refacturados/}",
	AUTHOR = "La República",
	TITLE = "Recibos de luz no sustentados en lecturas de medidores serán refacturados",
	MONTH = "07",
	YEAR = "2020",
	URLDATE = {2021-11-16}
}
@MISC{WEBSITE:3,
	HOWPUBLISHED = "\url{https://en.wikipedia.org/wiki/MQTT}",
	AUTHOR = "Wikipedia",
	TITLE = "MQTT",
	MONTH = "11",
	YEAR = "2021",
	URLDATE = {2021-11-16}
}
@MISC{WEBSITE:4,
	HOWPUBLISHED = "\url{https://mqtt.org/}",
	AUTHOR = "MQTT.ORG",
	TITLE = "MQTT: The Standard for IoT Messaging",
	MONTH = "-",
	YEAR = "2020",
	URLDATE = {2021-11-16}
}
@MISC{WEBSITE:5,
	HOWPUBLISHED = "\url{https://www.mosquitto.org/}",
	AUTHOR = "Eclipse Foundation",
	TITLE = "Eclipse Mosquitto An open source MQTT broker",
	MONTH = "-",
	YEAR = "2021",
	URLDATE = {2021-11-16}
}
@MISC{WEBSITE:6,
	HOWPUBLISHED = "\url{https://es.wikipedia.org/wiki/Raspberry_Pi}",
	AUTHOR = "Wikipedia",
	TITLE = "Raspberry Pi",
	MONTH = "10",
	YEAR = "2021",
	URLDATE = {2021-11-16}
}
@MISC{WEBSITE:7,
	HOWPUBLISHED = "\url{https://www.raspberrypi.com/products/raspberry-pi-4-model-b/}",
	AUTHOR = "Raspberry Pi Foundation",
	TITLE = "Raspberry Pi 4",
	MONTH = "-",
	YEAR = "2021",
	URLDATE = {2021-11-16}
}
@MISC{WEBSITE:8,
	HOWPUBLISHED = "\url{16.	https://naylampmechatronics.com/sensores-temperatura-y-humedad/57-sensor-de-temperatura-y-humedad-relativa-dht11.html}",
	AUTHOR = "Naylamp Mechatronics",
	TITLE = "Sensor De Temperatura Y Humedad Relativa DHT11",
	MONTH = "-",
	YEAR = "2021",
	URLDATE = {2021-11-16}
}
@MISC{WEBSITE:9,
	HOWPUBLISHED = "\url{https://www.luisllamas.es/arduino-sensor-corriente-sct-013/}",
	AUTHOR = "Luis Llamas",
	TITLE = "Sensor De Corriente Eléctrica No Invasivo Con Arduino Y SCT-013",
	MONTH = "01",
	YEAR = "2017",
	URLDATE = {2021-11-16}
}
@MISC{WEBSITE:10,
	HOWPUBLISHED = "\url{https://naylampmechatronics.com/sensores-corriente-voltaje/154-sensor-de-corriente-ac-30a-no-invasivo-sct-013-030.html}",
	AUTHOR = "Naylamp Mechatronics",
	TITLE = "Sensor De Corriente AC 30A No Invasivo - SCT-013-030",
	MONTH = "-",
	YEAR = "2021",
	URLDATE = {2021-11-16}
}
@MISC{WEBSITE:11,
	HOWPUBLISHED = "\url{https://es.iammeter.com/}",
	AUTHOR = "Beijing Lewei IOT Technologies Co., Ltd.",
	TITLE = "Dispositivos Y Sistemas Inteligentes Para El Monitoreo De Energía",
	MONTH = "-",
	YEAR = "2021",
	URLDATE = {2021-11-17}
}
@MISC{WEBSITE:12,
	HOWPUBLISHED = "\url{https://es.iammeter.com/applications/residential-electricity-system-monitoring}",
	AUTHOR = "Beijing Lewei IOT Technologies Co., Ltd.",
	TITLE = " Residential Electricity System Monitoring",
	MONTH = "12",
	YEAR = "2021",
	URLDATE = {2021-11-17}
}
@MISC{WEBSITE:13,
	HOWPUBLISHED = "\url{https://www.centraline.com/itIT/prodotti-e-documentazione/special/energy-vision-nx.html}",
	AUTHOR = "CentraLine",
	TITLE = "Connected energy management",
	MONTH = "-",
	YEAR = "2021",
	URLDATE = {2021-11-17}
}

@MISC{WEBSITE:14,
	HOWPUBLISHED = "\url{https://www.ceb-solutions.com/es/productos/bee2energy/}",
	AUTHOR = "Intel",
	TITLE = "Compta Emerging Business",
	MONTH = "-",
	YEAR = "2021",
	URLDATE = {2021-11-17}
}

@MISC{WEBSITE:15,
	HOWPUBLISHED = "\url{https://azure.microsoft.com/es-es/overview/internet-of-things-iot/iot-technology-protocols/}",
	AUTHOR = "Microsoft Azure",
	TITLE = "Protocolos y tecnologías de IoT",
	MONTH = "-",
	YEAR = "2021",
	URLDATE = {2021-11-17}
}

@MISC{WEBSITE:16,
	HOWPUBLISHED = "\url{https://www.argon40.com/raspberry-pi-cases/argon.html}",
	AUTHOR = "Argon 40",
	TITLE = "Argon ONE V2 Case for Raspberry Pi 4",
	MONTH = "-",
	YEAR = "2021",
	URLDATE = {2021-11-17}
}

@MISC{WEBSITE:17,
	HOWPUBLISHED = "\url{https://www.promart.pe/tablero-2-polos-adosable-c-puerta/p}",
	AUTHOR = "Promart Perú",
	TITLE = "Tablero Adosable con puerta 2 polos",
	MONTH = "-",
	YEAR = "2021",
	URLDATE = {2021-11-17}
}


@MISC{WEBSITE:18,
	HOWPUBLISHED = "\url{https://www.sodimac.com.pe/sodimac-pe/product/2433591/caja-tomacorriente-32mm-dexson/2433591/}",
	AUTHOR = "Sodimac Perú",
	TITLE = "Caja Tomacorriente 32mm",
	MONTH = "-",
	YEAR = "2021",
	URLDATE = {2021-11-17}
}

@MISC{WEBSITE:19,
	HOWPUBLISHED = "\url{https://naylampmechatronics.com/conversores-dc-dc/119-convertidor-voltaje-dc-dc-step-up-2a-mt3608.html}",
	AUTHOR = "Naylamp Mechatronics SAC",
	TITLE = "Convertidor Voltaje DC-DC Step-Up 2A MT3608",
	MONTH = "-",
	YEAR = "2021",
	URLDATE = {2021-11-17}
}

@MISC{WEBSITE:20,
	HOWPUBLISHED = "\url{https://www.bbva.com/es/sostenibilidad/que-es-y-como-calcular-la-potencia-electrica/}",
	AUTHOR = "Teresa Andrés Blanco - BBVA Creative",
	TITLE = "¿Qué es y cómo calcular la potencia eléctrica?",
	MONTH = "02",
	YEAR = "2021",
	URLDATE = {2021-11-17}
}

@MISC{WEBSITE:21,
	HOWPUBLISHED = "\url{https://naylampmechatronics.com/blog/51_tutorial-sensor-de-corriente-ac-no-invasivo-sct-013.html}",
	AUTHOR = "Naylamp Mechatronics SAC",
	TITLE = "Tutorial Sensor De Corriente Ac No Invasivo SCT-013",
	MONTH = "-",
	YEAR = "2016",
	URLDATE = {2021-11-17}
}

@MISC{WEBSITE:22,
	HOWPUBLISHED = "\url{https://naylampmechatronics.com/sensores-corriente-tensión/393-transformador-de-tensión-ac-zmpt101b.html}",
	AUTHOR = "Naylamp Mechatronics SAC",
	TITLE = "Transformador De Voltaje AC - ZMPT101B",
	MONTH = "-",
	YEAR = "2021",
	URLDATE = {2021-11-17}
}

@MISC{WEBSITE:23,
	HOWPUBLISHED = "\url{http://www.datasheet-pdf.com/PDF/ZMPT101B-Datasheet-ETC-1031464}",
	AUTHOR = "datasheet-pdf.com",
	TITLE = "ZMPT101B(ZMPT107) voltage transformer operating guide 1",
	MONTH = "-",
	YEAR = "2010",
	URLDATE = {2021-11-17}
}

@MISC{WEBSITE:24,
	HOWPUBLISHED = "\url{https://apps.apple.com/us/app/wifi-explorer-lite/id1408727408?mt=12}",
	AUTHOR = "Mac App Store",
	TITLE = "WiFi Explorer Lite",
	MONTH = "-",
	YEAR = "2022",
	URLDATE = {2022-03-15}
}


@MISC{WEBSITE:25,
	HOWPUBLISHED = "\url{https://satranet.com/routers-accsess-point-de-300-mbps/}",
	AUTHOR = "SATRA Communications",
	TITLE = "Router / Access Point de Alta Ganancia 300 MBPS SATRA",
	MONTH = "-",
	YEAR = "2021",
	URLDATE = {2022-03-17}
}

@MISC{WEBSITE:26,
	HOWPUBLISHED = "\url{https://wifiscan.wordpress.com/solapamiento-wifi/}",
	AUTHOR = "WIFI Scan",
	TITLE = "Solapamiento WiFi",
	MONTH = "-",
	YEAR = "2018",
	URLDATE = {2022-03-17}
}

@MISC{WEBSITE:27,
	HOWPUBLISHED = "\url{https://revistas.unimilitar.edu.co/index.php/rcin/article/view/220/1854}",
	AUTHOR = "Roberto Carlos Guevara - Édgar Serna M.",
	TITLE = "A proposed solution to the problem of interference between wireless networks by overlapping channels",
	MONTH = "-",
	YEAR = "2013",
	URLDATE = {2022-03-17}
}


@MISC{WEBSITE:28,
	HOWPUBLISHED = "\url{https://www.intel.la/content/www/xl/es/support/articles/000058989/wireless/intel-killer-wireless-products.html}",
	AUTHOR = "Intel",
	TITLE = "canales Wi-Fi y anchos de canal para mejorar la conexión de red",
	MONTH = "-",
	YEAR = "2022",
	URLDATE = {2022-03-17}
}

@MISC{WEBSITE:29,
	HOWPUBLISHED = "\url{https://support.apple.com/es-es/HT202068}",
	AUTHOR = "Support Apple",
	TITLE = "Ajustes recomendados para enrutadores y puntos de acceso wifi",
	MONTH = "-",
	YEAR = "2022",
	URLDATE = {2022-03-17}
}

@MISC{WEBSITE:30,
	HOWPUBLISHED = "\url{https://ik4.es/wifi-20-mhz-o-40-mhz-como-elegir-el-ancho-de-bands/}",
	AUTHOR = "Blog ik4.es",
	TITLE = "WiFi 20 MHz o 40 MHz: cómo elegir el ancho de Bands",
	MONTH = "-",
	YEAR = "2019",
	URLDATE = {2022-03-17}
}

@MISC{WEBSITE:31,
	HOWPUBLISHED = "\url{https://www.redalyc.org/jatsRepo/944/94454631006/html/index.html}",
    AUTHOR="Instituto Tecnológico de Aguascalientes",
    TITLE="Implications and Perspectives of Industry 4.0.",
    MONTH = "Noviembre",
	YEAR = "2017",
	URLDATE = {2022-04-25}
}

@MISC{WEBSITE:32,
	HOWPUBLISHED = "\url{https://www.luzdelsur.com.pe/es/nosotros/quienes-somos}",
    AUTHOR="Luz del Sur",
    TITLE="Conoce LUZ DEL SUR",
    MONTH = "-",
	YEAR = "2022",
	URLDATE = {2022-04-25}
}

@MISC{WEBSITE:33,
	HOWPUBLISHED = "\url{https://revistel.pe/edelnor-cambia-de-nombre-ahora-es-enel-distribucion-peru/}",
    AUTHOR="Energía para las industrias - REVISTEL",
    TITLE="Edelnor cambia de nombre; ahora es ENEL Distribución Perú",
    MONTH = "-",
	YEAR = "2016",
	URLDATE = {2022-04-25}
}

@MISC{WEBSITE:34,
	HOWPUBLISHED = "\url{https://www.enel.pe/es/conoce-enel.html}",
    AUTHOR="ENEL Distribución Perú",
    TITLE="Conoce ENEL",
    MONTH = "-",
	YEAR = "2022",
	URLDATE = {2022-04-25}
}


@MISC{WEBSITE:35,
	HOWPUBLISHED = "\url{https://www.centraline.com/itIT/prodotti-e-documentazione/special/energy-vision-nx.html}",
    AUTHOR="Centraline",
    TITLE="Energy Manager",
    MONTH = "-",
	YEAR = "2022",
	URLDATE = {2022-04-25}
}


@MISC{WEBSITE:36,
	HOWPUBLISHED = "\url{https://es.iammeter.com/}",
    AUTHOR="Beijing Lewei IOT Technologies Co.",
    TITLE="Monitores de consumo de energía Iammeter",
    MONTH = "-",
	YEAR = "2022",
	URLDATE = {2022-04-25}
}


@MISC{WEBSITE:37,
	HOWPUBLISHED = "\url{https://www.ceb-solutions.com/es/productos/bee2energy/}",
    AUTHOR="Compta Emerging Business",
    TITLE="bee2energy - Gestión de Eficiencia Energética",
    MONTH = "-",
	YEAR = "2022",
	URLDATE = {2022-04-25}
}


@MISC{WEBSITE:38,
	HOWPUBLISHED = "\url{https://www.lua.org/docs.html}",
    AUTHOR="Pontifícia Universidade Católica do Rio de Janeiro",
    TITLE="Documentación oficial de Lua",
    MONTH = "Junio",
	YEAR = "2021",
	URLDATE = {2022-04-25}
}

@MISC{WEBSITE:39,
	HOWPUBLISHED = "\url{https://iot.eclipse.org/}",
    AUTHOR="Fundación Eclipse",
    TITLE="Open Source for IoT",
    MONTH = "-",
	YEAR = "2022",
	URLDATE = {2022-04-25}
}

@MISC{WEBSITE:40,
	HOWPUBLISHED = "\url{https://cedalo.com/}",
    AUTHOR="Cedalo",
    TITLE="Real Time Message Broker and Spreadsheet for IoT and
Stream Processing",
    MONTH = "-",
	YEAR = "2022",
	URLDATE = {2022-04-25}
}

@MISC{WEBSITE:41,
	HOWPUBLISHED = "\url{https://www.eclipse.org/paho/index.php}",
    AUTHOR="Eclipse Fundation",
    TITLE="Project Paho",
    MONTH = "-",
	YEAR = "2022",
	URLDATE = {2022-04-25}
}

@MISC{WEBSITE:42,
	HOWPUBLISHED = "\url{https://github.com/vc1492a/Raspberry-Pi-Fan-Control}",
    AUTHOR="Valentino Constantinou",
    TITLE="Raspberry Pi Fan Control",
    MONTH = "Mayo",
	YEAR = "2020",
	URLDATE = {2022-04-25}
}

@MISC{WEBSITE:43,
	HOWPUBLISHED = "\url{https://cuantoestaeldolar.pe/historial}",
    AUTHOR="BIG CLICK SAC",
    TITLE="Precio del dólar",
    MONTH = "Mayo",
	YEAR = "2022",
	URLDATE = {2022-05-12}
}

@MISC{WEBSITE:44,
	HOWPUBLISHED = "\url{https://latam.kaspersky.com/resource-center/definitions/linux}",
    AUTHOR="Kaspersky Lab",
    TITLE="¿Qué es Linux? ¿Es realmente seguro?",
    MONTH = "Mayo",
	YEAR = "2022",
	URLDATE = {2022-05-21}
}


@MISC{WEBSITE:45,
	HOWPUBLISHED = "\url{https://wwwhatsnew.com/2022/04/08/la-importante-medida-de-seguridad-implementada-ahora-en-raspberry-pi-os/}",
    AUTHOR="Fco. José Hidalgo - Portal what's New",
    TITLE="La importante medida de seguridad implementada ahora en raspberry pi os",
    MONTH = "Abril",
	YEAR = "2022",
	URLDATE = {2022-04-08}
}

@MISC{WEBSITE:46,
	HOWPUBLISHED = "\url{https://www.arduino.cc/reference/en/libraries/pubsubclient/}",
    AUTHOR="Nick O'Leary",
    TITLE="Pubsubclient",
    MONTH = "Mayo",
	YEAR = "2022",
	URLDATE = {2022-05-23}
}

@MISC{WEBSITE:47,
	HOWPUBLISHED = "\url{https://www.arduino.cc/reference/en/libraries/adafruit-gfx-library/}",
    AUTHOR="Adafruit",
    TITLE="Adafruit GFX Library",
    MONTH = "Mayo",
	YEAR = "2022",
	URLDATE = {2022-05-23}
	}

@MISC{WEBSITE:48,
	HOWPUBLISHED = "\url{https://www.arduino.cc/reference/en/libraries/u8g2_for_adafruit_gfx/}",
    AUTHOR="Oliver",
    TITLE="U8g2_for_Adafruit_GFX",
    MONTH = "Mayo",
	YEAR = "2022",
	URLDATE = {2022-05-23}
	}
	
@MANUAL{dallas:ds18b20,
    organization  = "Dallas Semiconductor",
    title         = "DS18B20 Programmable Resolution 1-Wire Digital Thermometer",
    number        = "050400",
    year          =  2015,
    note          = "Rev. 3"
}

@book{teton2003,
	title={Gu{\'\i}a t{\'e}cnica de la acuariofilia},
	author={Teton, J.},
	isbn={9788489840249},
	series={Gu{\'\i}as t{\'e}cnicas},
	url={https://books.google.com.ar/books?id=6vrjovWkQicC},
	year={2003},
	publisher={Tursen S.A. - H. Blume}
}

@book{IEEE:citation,
	author={IEEE},
	title={IEEE Citation Reference},
	edition={1},
	url={http://www.ieee.org/documents/ieeecitationref.pdf},
	urldate={2016-9-26},
	publisher={IEEE Publications},
	year={2016}
}

@misc{CIAA,
	author = {{Proyecto CIAA}},
	title = {Computadora Industrial Abierta Argentina},
	url = {http://proyecto-ciaa.com.ar/devwiki/doku.php?id=start},
	note = {Visitado el 2016-06-25},
	year = {2014}
}

@MISC{lpcopen,
   author =	{{NXP Semiconductors}},
   title =	{LPCOPEN v2.16 Drivers, Middleware and Examples},
   url =	{http://www.nxp.com/products/microcontrollers-and-processors/arm-processors/lpc-cortex-m-mcus/software-tools/lpcopen-libraries-and-examples:LPC-OPEN-LIBRARIES},
   note =	{Disponible: 2016-06-25},
 }
 
@MISC{contrib,
	author =	{{Savannah}},
	title =	{lwIP - A Lightweight TCP/IP stack},
	url =	{http://git.savannah.gnu.org/cgit/lwip/lwip-contrib.git},
	note =	{Disponible: 2016-06-25},
 }

@MISC{webserver,
	author =	{{Savannah}},
	title =	{lwIP - Wiki - Sample Web Server},
	url =	{ http://lwip.wikia.com/wiki/Sample_Web_Server},
	note =	{Disponible: 2016-06-25}
 } 
 


@MISC{sensor_pH,
   author =	{dfRobot},
   title =	{PH meter(SKU: SEN0161)},
   url =	{http://www.dfrobot.com/wiki/index.php?title=PH_meter(SKU:_SEN0161)},
   note =	{Disponible: 2016-06-25},
}

@misc{rfc2616,
	series =	{Request for Comments},
	number=		2616,
	howpublished=	{RFC 2616},
	publisher =	{RFC Editor},
	doi =		{10.17487/rfc2616},
	url =		{https://rfc-editor.org/rfc/rfc2616.txt},
	author=		{Jeffrey Mogul and Larry M Masinter and Roy T. Fielding and Jim Gettys and Paul J. Leach and Tim Berners-Lee},
	title=		{{Hypertext Transfer Protocol -- HTTP/1.1}},
	pagetotal =	176,
	year =		2013,
	month =		3,
	day =		2,
	abstract =	{HTTP has been in use by the World-Wide Web global information initiative since 1990. This specification defines the protocol referred to as &quot;HTTP/1.1&quot;, and is an update to RFC 2068. [STANDARDS-TRACK]},
}

@misc{rfc3875,
	series =	{Request for Comments},
	number=		3875,
	howpublished=	{RFC 3875},
	publisher =	{RFC Editor},
	doi =		{10.17487/rfc3875},
	url =		{https://rfc-editor.org/rfc/rfc3875.txt},
	author=		{David Robinson},
	title=		{{The Common Gateway Interface (CGI) Version 1.1}},
	pagetotal =	36,
	year =		2013,
	month =		mar,
	day =		20,
	abstract =	{The Common Gateway Interface (CGI) is a simple interface for running external programs, software or gateways under an information server in a platform-independent manner. Currently, the supported information servers are HTTP servers.},
}
